@article{schwaber2011scrum,
  title={The scrum guide},
  author={Schwaber, Ken and Sutherland, Jeff},
  journal={Scrum Alliance},
  volume={21},
  number={19},
  pages={1},
  year={2011}
}

@article{li20203d,
  title={3D printing of hydrogels: Rational design strategies and emerging biomedical applications},
  author={Li, Jinhua and Wu, Chengtie and Chu, Paul K and Gelinsky, Michael},
  journal={Materials Science and Engineering: R: Reports},
  volume={140},
  pages={100543},
  year={2020},
  publisher={Elsevier}
}

@article{quan2020photo,
  title={Photo-curing 3D printing technique and its challenges},
  author={Quan, Haoyuan and Zhang, Ting and Xu, Hang and Luo, Shen and Nie, Jun and Zhu, Xiaoqun},
  journal={Bioactive materials},
  volume={5},
  number={1},
  pages={110--115},
  year={2020},
  publisher={Elsevier}
}

@book{redwood20173d,
  title={The 3D printing handbook: technologies, design and applications},
  author={Redwood, Ben and Sch{\"o}ffer, Filemon and Garret, Brian},
  year={2017},
  publisher={3D Hubs}
}

@article{tatli2013effect,
  title={Effect of a virtual chemistry laboratory on students' achievement},
  author={Tatli, Zeynep and Ayas, Alipasa},
  journal={Journal of Educational Technology \& Society},
  volume={16},
  number={1},
  pages={159--170},
  year={2013},
  publisher={JSTOR}
}